@misc{ shishkov,
       author = "Атанас Шишков",
       title = "Полупроводникова техника, част 1",
       year = "1990" }

@misc{ garipov,
       author = "Емил Гарипов",
       title = "Цифрови системи за управление, част 1: Проектиране на ПИД регулатори",
       year = "2007" }

@misc{ garipov-ident,
       author = "Емил Гарипов",
       title = "Идентификация на системи, част 1: Идентификация чрез непрекъснати модели",
       year = "2007" }

@misc{ modern-control,
       author = "Richard C. Dorf, Robert H. Bishop",
       title = "Modern Control Systems, 11th Edition",
       year = "2007" }

Modern Control Systems, 11th Edition

@misc{multitasking,
  author = "McGraw-Hill",
  title = "Dictionary of Scientific and Technical Terms, 6E",
  howpublished = "\url{http://encyclopedia2.thefreedictionary.com/cooperative+multitasking}",
  years = "2003",
  note = "Online; accessed January 20 2016"}

